@article{Lawvere01,
    author = {Lawvere, F. William},
    title = {AN ELEMENTARY THEORY OF THE CATEGORY OF SETS (LONG VERSION) WITH COMMENTARY},
    journal = {Reprints in Theory and Applications of Categories},
    year = {2005}
}
@book {Simmons01,
    AUTHOR = {Simmons, Harold},
     TITLE = {An Introduction to Category Theory},
      NOTE = {Good examples},
 PUBLISHER = {Cambridge ; New York : Cambridge University Press},
      YEAR = {2011},
     PAGES = {226},
      ISBN = {9781107010871},
}

@book {Milewski01,
    AUTHOR = {Milewski, Bartosz},
     TITLE = {Category Theory for Programmers},
      NOTE = {Version 0.1},
 PUBLISHER = {Igal Tabachnik},
      YEAR = {2017},
     PAGES = {510},
}

@book {Roman01,
    AUTHOR = {Roman, Steven},
     TITLE = {An Introduction to the Language of Category Theory},
      NOTE = {Good explanations},
 PUBLISHER = {Cham ; Switzerland : Springer International Publishing},
      YEAR = {2017},
     PAGES = {167},
      ISBN = {978-3-319-41916-9},
}

@book {Herrlich01,
  AUTHOR = {Herrlich, Horst},
  TITLE = {Category theory : an introduction},
  PUBLISHER = {Berlin : Heldermann},
  YEAR = {1979},
  ISBN = {3885380013}
}