@book {AdvancedMath,
    AUTHOR = {Smith, Douglas and Eggen, Maurice and Andre, Richard St.}, 
     TITLE = {A Transition To Advanced Mathematics},
 PUBLISHER = {Richard Stratton, Massachusetts},
      YEAR = {2011},
     PAGES = {414},
      ISBN = {0-495-56202-5; 978-0-495-56202-3},
   MRCLASS = {22138},
}

@book {Concrete,
    AUTHOR = {Sawyer, W.W},
     TITLE = {A Concrete Approach to Abstract Algebra},
 PUBLISHER = {W. H. Freeman and Company, San Francisco and London},
      YEAR = {1959},
     PAGES = {233},
      ISBN = {978-0-486-82461-1},
   MRCLASS = {22138},
    zbMATH = {7010384},
       Zbl = {1410.12001}
}

% Had to use google's help for this one because this book doesn't have an ISBN for some reason
@book {FirstCourse,
    AUTHOR = {Johnson, Richard E.},
     TITLE = {First Course In Abstract Algebra},
 PUBLISHER = {Prentice-Hall, New Jersey},
      YEAR = {1959},
     PAGES = {257},
      LCCN = {53008952},
       URL = {https://books.google.com/books?id=mTJj0AEACAAJ},
   MRCLASS = {22138},
}
