@book{Greenberg2008,
  author = {Marvin J. Greenberg},
  title = {Euclidean and Non-Euclidean Geometries: Development and History},
  year = {2008},
  publisher = {W.H. Freeman and Company},
  edition = {4th},
  address = {New York}
}