@book {Gauss86,
    AUTHOR = {Gauss, Carl Friedrich},
     TITLE = {Disquisitiones arithmeticae},
      NOTE = {Translated and with a preface by Arthur A. Clarke,
              Revised by William C. Waterhouse, Cornelius Greither and A. W.
              Grootendorst and with a preface by Waterhouse},
 PUBLISHER = {Springer-Verlag, New York},
      YEAR = {1986},
     PAGES = {xx+472},
      ISBN = {0-387-96254-9},
   MRCLASS = {01A75 (01A55)},
  MRNUMBER = {837656},
}

@book {Euclid02,
    AUTHOR = {Euclid},
     TITLE = {Euclid's {\it {E}lements}},
    EDITOR = {Densmore, Dana},
      NOTE = {All thirteen books complete in one volume,
              The Thomas L. Heath translation},
 PUBLISHER = {Green Lion Press, Santa Fe, NM},
      YEAR = {2002},
     PAGES = {xxx+499},
      ISBN = {1-888009-18-7; 1-888009-19-5},
   MRCLASS = {01A75 (01A20 01A60 51-03)},
  MRNUMBER = {1932864},
MRREVIEWER = {B.\ Artmann},
}

@book {Euclid03,
    AUTHOR = {Euclid},
     TITLE = {Euclid's {\it {D}ata}},
    SERIES = {Acta Historica Scientiarum Naturalium et Medicinalium Edidit
              Biblioteca Universitatis Hauniensis},
    VOLUME = {45},
      NOTE = {Or the importance of being given,
              The Greek text translated and explained by Christian Marinus
              Taisbak},
 PUBLISHER = {Museum Tusculanum Press. University of Copenhagen, Copenhagen},
      YEAR = {2003},
     PAGES = {271},
      ISBN = {87-7289-815-1},
   MRCLASS = {01A20},
  MRNUMBER = {1989796},
MRREVIEWER = {J.\ L.\ Berggren},
}
