@inbook{blum06,
author = {Avrim Blum and Manuel Blum},
title = {Asymptotic Analyses and Recurrences},
chapter = 2,
publisher = {Carnegie Mellon University},
year = {2006}
}
% https://www.cs.cmu.edu/~avrim/451f06/lectures/lects1-10.pdf

@inbook{mcquain11,
author = {William McQuain},
title = {Algorithms},
publisher = {Virginia Polytechnic Institute and State University},
year = {2011}
}
% https://courses.cs.vt.edu/cs2104/Fall13/notes/T16_Algorithms.pdf

@inbook{roughgarden22,
author = {Tim Roughgarden},
title = {Algorithms Illuminated, Omnibus Edition},
chapter = 2,
publisher = {Soundlikeyourself Publishing},
year = {2022}
}

@inbook{gimel16,
author = {Georgy Gimel'farb},
title = {``Big-Oh", ``Big-Omega", and ``Big Theta": Properties and Rules},
publisher = {University of Auckland},
year = {2016}
}
https://www.cs.auckland.ac.nz/compsci220s1c/lectures/2016S1C/CS220-Lecture04.pdf
